@Book{introErrorAnalysis,
  author = 	 {John R. Taylor},
  title = 	 {An Introduction to Error Analysis},
  publisher = 	 {University Science Books},
  address = 	 {Sausalito CA},
  year = 	 {1997},
  edition = 	 {Second},
}




@Book{mooreMccabe,
  author = 	 {Davide S. Moore and Feorge P. McCabe},
  title = 	 {Introduction to the Practice of Statistics},
  publisher = 	 {W.H. Freeman and Company},
  year = 	 {2006},
  edition = 	 {fifth},
  address = 	 {New York}
}


@Book{Gould81,
  Key =		 {Gould},
  Author =	 {Stephen Jay Gould},
  Title =	 {The Mismeasure of Man},
  Publisher =	 {Norton},
  Year =	 {1981},
  Address =	 {New York}
}


